
}
@article{dijkstra1968_goto,
	author = {Edsger W. Dijkstra},
	title = {Go To Statement Considered Harmful},
	journal = {Communications of the ACM},
	volume = {11},
	number = {3},
	pages = {147--148},
	year = {1968}
}
@inproceedings{Wulf:1972:CAG:800194.805861,
 author = {Wulf, William A.},
 title = {A Case Against the GOTO},
 booktitle = {Proceedings of the ACM Annual Conference - Volume 2},
 series = {ACM '72},
 year = {1972},
 location = {Boston, Massachusetts, USA},
 pages = {791--797},
 numpages = {7},
 url = {http://doi.acm.org/10.1145/800194.805861},
 doi = {10.1145/800194.805861},
 acmid = {805861},
 publisher = {ACM},
 address = {New York, NY, USA},
 keywords = {Goto-less programming, Programming, Programming languages, Structured programming},
} 

@MISC{dept_of_CS,
author = {Department of computer science},
title = {WHAT IS COMPUTER SCIENCE?},
howpublished={\url{https://undergrad.cs.umd.edu/what-computer-science}}
}